@article{gribonval2017compressive,
  title={Compressive statistical learning with random feature moments},
  author={Gribonval, R{\'e}mi and Blanchard, Gilles and Keriven, Nicolas and Traonmilin, Yann},
  journal={arXiv preprint arXiv:1706.07180},
  year={2017}
}

@article{schellekens2018quantized,
	title={Quantized compressive k-means},
	author={Schellekens, Vincent and Jacques, Laurent},
	journal={IEEE Signal Processing Letters},
	volume={25},
	number={8},
	pages={1211--1215},
	year={2018},
	publisher={IEEE}
}

@article{keriven2018sketching,
	title={Sketching for large-scale learning of mixture models},
	author={Keriven, Nicolas and Bourrier, Anthony and Gribonval, R{\'e}mi and P{\'e}rez, Patrick},
	journal={Information and Inference: A Journal of the IMA},
	volume={7},
	number={3},
	pages={447--508},
	year={2018},
	publisher={Oxford University Press}
}

@inproceedings{keriven2017compressive2,
	title={Compressive K-means},
	author={Keriven, Nicolas and Tremblay, Nicolas and Traonmilin, Yann and Gribonval, R{\'e}mi},
	booktitle={2017 IEEE International Conference on Acoustics, Speech and Signal Processing (ICASSP)},
	pages={6369--6373},
	year={2017},
	organization={IEEE}
}

@inproceedings{schellekens2019differentially,
	title={Differentially Private Compressive K-means},
	author={Schellekens, Vincent and Chatalic, Antoine and Houssiau, Florimond and de Montjoye, Y-A and Jacques, Laurent and Gribonval, R{\'e}mi},
	booktitle={ICASSP 2019-2019 IEEE International Conference on Acoustics, Speech and Signal Processing (ICASSP)},
	pages={7933--7937},
	year={2019},
	organization={IEEE}
}
